<record><leader>00000cas a22000007a 4500</leader><controlfield tag="001">17005580</controlfield><controlfield tag="008">871119d18931902iauwr ne      0    0eng d</controlfield><datafield ind1=" " ind2=" " tag="010"><subfield code="a">sn 87057903 </subfield></datafield><datafield ind1=" " ind2=" " tag="040"><subfield code="a">INP</subfield><subfield code="b">eng</subfield><subfield code="c">INP</subfield><subfield code="d">OCLCQ</subfield></datafield><datafield ind1=" " ind2=" " tag="042"><subfield code="a">msc</subfield></datafield><datafield ind1="0" ind2="0" tag="245"><subfield code="a">Ida Grove era.</subfield></datafield><datafield ind1=" " ind2=" " tag="260"><subfield code="a">Ida Grove, Ida County, Iowa :</subfield><subfield code="b">McKeen &amp; Bock,</subfield><subfield code="c">-1902.</subfield></datafield><datafield ind1=" " ind2=" " tag="300"><subfield code="a">v.</subfield></datafield><datafield ind1=" " ind2=" " tag="310"><subfield code="a">Weekly</subfield></datafield><datafield ind1="1" ind2=" " tag="362"><subfield code="a">Began in 1893?</subfield></datafield><datafield ind1="0" ind2=" " tag="362"><subfield code="a">-v. 26, no. 11 (Oct. 30, 1902).</subfield></datafield><datafield ind1=" " ind2=" " tag="500"><subfield code="a">Publisher varies.</subfield></datafield><datafield ind1=" " ind2=" " tag="515"><subfield code="a">Issue for Jan. 2, 1896 misdated Jan. 2, 1895.</subfield></datafield><datafield ind1=" " ind2=" " tag="588"><subfield code="a">Description based on: Vol. 18, no. 20 (Jan. 8, 1895).</subfield></datafield><datafield ind1=" " ind2=" " tag="752"><subfield code="a">United States</subfield><subfield code="b">Iowa</subfield><subfield code="c">Ida</subfield><subfield code="d">Ida Grove.</subfield></datafield><datafield ind1="0" ind2="0" tag="780"><subfield code="t">Maple Valley era</subfield><subfield code="w">(DLC)sn 87057926</subfield></datafield><datafield ind1="0" ind2="5" tag="780"><subfield code="t">Watch (Ida Grove, Iowa)</subfield></datafield><datafield ind1="0" ind2="0" tag="785"><subfield code="t">Democrat era</subfield><subfield code="w">(DLC)sn 87057904</subfield></datafield></record>